<record><leader>00000cas a2200000Ma 4500</leader><controlfield tag="001">210752142</controlfield><controlfield tag="008">820921d18531857cauwr ne      0   a0eng  </controlfield><datafield ind1=" " ind2=" " tag="010"><subfield code="a">sn 82014869 </subfield></datafield><datafield ind1=" " ind2=" " tag="040"><subfield code="a">DLC</subfield><subfield code="b">eng</subfield><subfield code="c">AQM</subfield><subfield code="d">OCLCQ</subfield></datafield><datafield ind1="0" ind2="4" tag="245"><subfield code="a">The Empire County Argus.</subfield></datafield><datafield ind1=" " ind2=" " tag="260"><subfield code="a">Coloma, Calif. :</subfield><subfield code="b">George Vincent &amp; Co.</subfield></datafield><datafield ind1=" " ind2=" " tag="300"><subfield code="a">v. :</subfield><subfield code="b">ill. (chiefly advertisements) ;</subfield><subfield code="c">59 cm.</subfield></datafield><datafield ind1=" " ind2=" " tag="310"><subfield code="a">Weekly</subfield></datafield><datafield ind1="1" ind2=" " tag="362"><subfield code="a">Began with Nov. 19, 1853 issue; ceased with July 23, 1857 issue.</subfield><subfield code="z">Cf. Amer. newspapers, 1821-1936.</subfield></datafield><datafield ind1=" " ind2=" " tag="500"><subfield code="a">Suspended &lt;Nov. 1856&gt;. Cf. Giffen, H.S. Calif. mining town newspapers, 1850-1880, 1954.</subfield></datafield><datafield ind1=" " ind2=" " tag="500"><subfield code="a">Publishers: Conness &amp; Reed, &lt;1853&gt;; George Vincent &amp; Co., &lt;1854&gt;; Forbes &amp; Woods, 1855-&lt;1856&gt;.</subfield></datafield><datafield ind1=" " ind2=" " tag="500"><subfield code="a">"Democratic." Cf. Giffen, H.S. Calif. mining town newspapers, 1850-1880, 1954.</subfield></datafield><datafield ind1=" " ind2=" " tag="500"><subfield code="a">Editors: N.W. Fuller, &lt;1853&gt;; D.P. Tallmage, &lt;1855&gt;.</subfield></datafield><datafield ind1=" " ind2=" " tag="530"><subfield code="a">Also issued on microfilm from the Library of Congress Photoduplication Service.</subfield></datafield><datafield ind1=" " ind2=" " tag="588"><subfield code="a">Description based on: Vol. 1, no. 18 (Mar. 18, 1854).</subfield></datafield><datafield ind1=" " ind2="7" tag="655"><subfield code="a">Mining newspapers.</subfield><subfield code="2">ngl</subfield></datafield><datafield ind1=" " ind2=" " tag="752"><subfield code="a">United States</subfield><subfield code="b">California</subfield><subfield code="c">El Dorado</subfield><subfield code="d">Coloma.</subfield></datafield><datafield ind1="0" ind2="0" tag="785"><subfield code="t">Tri-weekly Argus (Placerville, Calif.)</subfield></datafield></record>